<?xml version="1.0" encoding="utf-8" ?>
<gnc-v2
     xmlns:gnc="http://www.gnucash.org/XML/gnc"
     xmlns:act="http://www.gnucash.org/XML/act"
     xmlns:book="http://www.gnucash.org/XML/book"
     xmlns:cd="http://www.gnucash.org/XML/cd"
     xmlns:cmdty="http://www.gnucash.org/XML/cmdty"
     xmlns:price="http://www.gnucash.org/XML/price"
     xmlns:slot="http://www.gnucash.org/XML/slot"
     xmlns:split="http://www.gnucash.org/XML/split"
     xmlns:sx="http://www.gnucash.org/XML/sx"
     xmlns:trn="http://www.gnucash.org/XML/trn"
     xmlns:ts="http://www.gnucash.org/XML/ts"
     xmlns:fs="http://www.gnucash.org/XML/fs"
     xmlns:bgt="http://www.gnucash.org/XML/bgt"
     xmlns:recurrence="http://www.gnucash.org/XML/recurrence"
     xmlns:lot="http://www.gnucash.org/XML/lot"
     xmlns:addr="http://www.gnucash.org/XML/addr"
     xmlns:billterm="http://www.gnucash.org/XML/billterm"
     xmlns:bt-days="http://www.gnucash.org/XML/bt-days"
     xmlns:bt-prox="http://www.gnucash.org/XML/bt-prox"
     xmlns:cust="http://www.gnucash.org/XML/cust"
     xmlns:employee="http://www.gnucash.org/XML/employee"
     xmlns:entry="http://www.gnucash.org/XML/entry"
     xmlns:invoice="http://www.gnucash.org/XML/invoice"
     xmlns:job="http://www.gnucash.org/XML/job"
     xmlns:order="http://www.gnucash.org/XML/order"
     xmlns:owner="http://www.gnucash.org/XML/owner"
     xmlns:taxtable="http://www.gnucash.org/XML/taxtable"
     xmlns:tte="http://www.gnucash.org/XML/tte"
     xmlns:vendor="http://www.gnucash.org/XML/vendor">
<gnc:count-data cd:type="book">1</gnc:count-data>
<gnc:book version="2.0.0">
<book:id type="guid">7d4ef4044fd30f41d08914a8174c2f5b</book:id>
<book:slots>
  <slot>
    <slot:key>features</slot:key>
    <slot:value type="frame">
      <slot>
        <slot:key>ISO-8601 formatted date strings in SQLite3 databases.</slot:key>
        <slot:value type="string">Use ISO formatted date-time strings in SQLite3 databases (requires at least GnuCash 2.6.20)</slot:value>
      </slot>
    </slot:value>
  </slot>
  <slot>
    <slot:key>options</slot:key>
    <slot:value type="frame">
      <slot>
        <slot:key>Accounts</slot:key>
        <slot:value type="frame">
          <slot>
            <slot:key>Use Trading Accounts</slot:key>
            <slot:value type="string">t</slot:value>
          </slot>
        </slot:value>
      </slot>
      <slot>
        <slot:key>Budgeting</slot:key>
        <slot:value type="frame"/>
      </slot>
    </slot:value>
  </slot>
  <slot>
    <slot:key>remove-color-not-set-slots</slot:key>
    <slot:value type="string">true</slot:value>
  </slot>
</book:slots>
<gnc:count-data cd:type="commodity">2</gnc:count-data>
<gnc:count-data cd:type="account">20</gnc:count-data>
<gnc:count-data cd:type="transaction">11</gnc:count-data>
<gnc:count-data cd:type="price">5</gnc:count-data>
<gnc:commodity version="2.0.0">
  <cmdty:space>CURRENCY</cmdty:space>
  <cmdty:id>AED</cmdty:id>
  <cmdty:get_quotes/>
  <cmdty:quote_source>currency</cmdty:quote_source>
  <cmdty:quote_tz/>
</gnc:commodity>
<gnc:commodity version="2.0.0">
  <cmdty:space>CURRENCY</cmdty:space>
  <cmdty:id>EUR</cmdty:id>
  <cmdty:get_quotes/>
  <cmdty:quote_source>currency</cmdty:quote_source>
  <cmdty:quote_tz/>
</gnc:commodity>
<gnc:commodity version="2.0.0">
  <cmdty:space>NASDAQ</cmdty:space>
  <cmdty:id>FOO</cmdty:id>
  <cmdty:name>Foo Inc</cmdty:name>
  <cmdty:fraction>10000</cmdty:fraction>
</gnc:commodity>
<gnc:commodity version="2.0.0">
  <cmdty:space>template</cmdty:space>
  <cmdty:id>template</cmdty:id>
  <cmdty:name>template</cmdty:name>
  <cmdty:xcode>template</cmdty:xcode>
  <cmdty:fraction>1</cmdty:fraction>
</gnc:commodity>
<gnc:pricedb version="1">
  <price>
    <price:id type="guid">0d6684f44fb018e882de76094ed9c433</price:id>
    <price:commodity>
      <cmdty:space>CURRENCY</cmdty:space>
      <cmdty:id>ADF</cmdty:id>
    </price:commodity>
    <price:currency>
      <cmdty:space>CURRENCY</cmdty:space>
      <cmdty:id>AED</cmdty:id>
    </price:currency>
    <price:time>
      <ts:date>2018-02-20 23:00:00 +0000</ts:date>
    </price:time>
    <price:source>user:price-editor</price:source>
    <price:type>unknown</price:type>
    <price:value>3/2</price:value>
  </price>
  <price>
    <price:id type="guid">831ce95a146243a0b66895151538990a</price:id>
    <price:commodity>
      <cmdty:space>CURRENCY</cmdty:space>
      <cmdty:id>AED</cmdty:id>
    </price:commodity>
    <price:currency>
      <cmdty:space>CURRENCY</cmdty:space>
      <cmdty:id>EUR</cmdty:id>
    </price:currency>
    <price:time>
      <ts:date>2017-05-08 16:00:00 +0000</ts:date>
    </price:time>
    <price:source>user:price-editor</price:source>
    <price:type>last</price:type>
    <price:value>1/2</price:value>
  </price>
  <price>
    <price:id type="guid">c266e6ce9bdf8832bf88360df524669e</price:id>
    <price:commodity>
      <cmdty:space>CURRENCY</cmdty:space>
      <cmdty:id>EUR</cmdty:id>
    </price:commodity>
    <price:currency>
      <cmdty:space>CURRENCY</cmdty:space>
      <cmdty:id>AED</cmdty:id>
    </price:currency>
    <price:time>
      <ts:date>2018-02-20 23:00:00 +0000</ts:date>
    </price:time>
    <price:source>user:price-editor</price:source>
    <price:type>unknown</price:type>
    <price:value>10/9</price:value>
  </price>
  <price>
    <price:id type="guid">715ad31cb272437fc883d658f732a8eb</price:id>
    <price:commodity>
      <cmdty:space>CURRENCY</cmdty:space>
      <cmdty:id>USD</cmdty:id>
    </price:commodity>
    <price:currency>
      <cmdty:space>CURRENCY</cmdty:space>
      <cmdty:id>EUR</cmdty:id>
    </price:currency>
    <price:time>
      <ts:date>2018-02-20 23:00:00 +0000</ts:date>
    </price:time>
    <price:source>user:price-editor</price:source>
    <price:type>unknown</price:type>
    <price:value>7/5</price:value>
  </price>
  <price>
    <price:id type="guid">86a98448a82e9012cad82ac677eb86df</price:id>
    <price:commodity>
      <cmdty:space>NASDAQ</cmdty:space>
      <cmdty:id>FOO</cmdty:id>
    </price:commodity>
    <price:currency>
      <cmdty:space>CURRENCY</cmdty:space>
      <cmdty:id>AED</cmdty:id>
    </price:currency>
    <price:time>
      <ts:date>2018-02-20 23:00:00 +0000</ts:date>
    </price:time>
    <price:source>user:price-editor</price:source>
    <price:type>unknown</price:type>
    <price:value>9/10</price:value>
  </price>
</gnc:pricedb>
<gnc:account version="2.0.0">
  <act:name>Root Account</act:name>
  <act:id type="guid">00622dda21937b29e494179de5013f82</act:id>
  <act:type>ROOT</act:type>
</gnc:account>
<gnc:account version="2.0.0">
  <act:name>Asset</act:name>
  <act:id type="guid">fcd795021c976ba75621ec39e75f6214</act:id>
  <act:type>ASSET</act:type>
  <act:commodity>
    <cmdty:space>CURRENCY</cmdty:space>
    <cmdty:id>EUR</cmdty:id>
  </act:commodity>
  <act:commodity-scu>100</act:commodity-scu>
  <act:slots>
    <slot>
      <slot:key>placeholder</slot:key>
      <slot:value type="string">true</slot:value>
    </slot>
  </act:slots>
  <act:parent type="guid">00622dda21937b29e494179de5013f82</act:parent>
</gnc:account>
<gnc:account version="2.0.0">
  <act:name>Current</act:name>
  <act:id type="guid">3bc319753945b6dba3e1928abed49e35</act:id>
  <act:type>ASSET</act:type>
  <act:commodity>
    <cmdty:space>CURRENCY</cmdty:space>
    <cmdty:id>EUR</cmdty:id>
  </act:commodity>
  <act:commodity-scu>100</act:commodity-scu>
  <act:slots>
    <slot>
      <slot:key>placeholder</slot:key>
      <slot:value type="string">true</slot:value>
    </slot>
  </act:slots>
  <act:parent type="guid">fcd795021c976ba75621ec39e75f6214</act:parent>
</gnc:account>
<gnc:account version="2.0.0">
  <act:name>Cash</act:name>
  <act:id type="guid">93fc043c3062aaa1297b30e543d2cd0d</act:id>
  <act:type>ASSET</act:type>
  <act:commodity>
    <cmdty:space>CURRENCY</cmdty:space>
    <cmdty:id>EUR</cmdty:id>
  </act:commodity>
  <act:commodity-scu>100</act:commodity-scu>
  <act:parent type="guid">3bc319753945b6dba3e1928abed49e35</act:parent>
</gnc:account>
<gnc:account version="2.0.0">
  <act:name>Savings</act:name>
  <act:id type="guid">a1dd9e8118bff87db289482bceebfea9</act:id>
  <act:type>ASSET</act:type>
  <act:commodity>
    <cmdty:space>CURRENCY</cmdty:space>
    <cmdty:id>EUR</cmdty:id>
  </act:commodity>
  <act:commodity-scu>100</act:commodity-scu>
  <act:parent type="guid">3bc319753945b6dba3e1928abed49e35</act:parent>
</gnc:account>
<gnc:account version="2.0.0">
  <act:name>Checking</act:name>
  <act:id type="guid">adc619f0ac7fa27d5768bfd73ecbc01e</act:id>
  <act:type>ASSET</act:type>
  <act:commodity>
    <cmdty:space>CURRENCY</cmdty:space>
    <cmdty:id>EUR</cmdty:id>
  </act:commodity>
  <act:commodity-scu>100</act:commodity-scu>
  <act:parent type="guid">3bc319753945b6dba3e1928abed49e35</act:parent>
</gnc:account>
<gnc:account version="2.0.0">
  <act:name>Fixed</act:name>
  <act:id type="guid">5b5100d58bcc030d2f7828d897fda62e</act:id>
  <act:type>ASSET</act:type>
  <act:commodity>
    <cmdty:space>CURRENCY</cmdty:space>
    <cmdty:id>EUR</cmdty:id>
  </act:commodity>
  <act:commodity-scu>100</act:commodity-scu>
  <act:parent type="guid">fcd795021c976ba75621ec39e75f6214</act:parent>
</gnc:account>
<gnc:account version="2.0.0">
  <act:name>House</act:name>
  <act:id type="guid">a3dc764fea53b709af7fcead6470da43</act:id>
  <act:type>ASSET</act:type>
  <act:commodity>
    <cmdty:space>CURRENCY</cmdty:space>
    <cmdty:id>EUR</cmdty:id>
  </act:commodity>
  <act:commodity-scu>100</act:commodity-scu>
  <act:parent type="guid">5b5100d58bcc030d2f7828d897fda62e</act:parent>
</gnc:account>
<gnc:account version="2.0.0">
  <act:name>Broker</act:name>
  <act:id type="guid">01f6b1417935528fdc97ac2e130a150c</act:id>
  <act:type>ASSET</act:type>
  <act:commodity>
    <cmdty:space>CURRENCY</cmdty:space>
    <cmdty:id>AED</cmdty:id>
  </act:commodity>
  <act:commodity-scu>100</act:commodity-scu>
  <act:slots>
    <slot>
      <slot:key>placeholder</slot:key>
      <slot:value type="string">true</slot:value>
    </slot>
  </act:slots>
  <act:parent type="guid">fcd795021c976ba75621ec39e75f6214</act:parent>
</gnc:account>
<gnc:account version="2.0.0">
  <act:name>Foo stock</act:name>
  <act:id type="guid">1c089803052e85f5c6d8e786057dbaee</act:id>
  <act:type>STOCK</act:type>
  <act:commodity>
    <cmdty:space>NASDAQ</cmdty:space>
    <cmdty:id>FOO</cmdty:id>
  </act:commodity>
  <act:commodity-scu>10000</act:commodity-scu>
  <act:parent type="guid">01f6b1417935528fdc97ac2e130a150c</act:parent>
</gnc:account>
<gnc:account version="2.0.0">
  <act:name>Liability</act:name>
  <act:id type="guid">96ed7a45459fb5fe570e48fcd46f05d0</act:id>
  <act:type>LIABILITY</act:type>
  <act:commodity>
    <cmdty:space>CURRENCY</cmdty:space>
    <cmdty:id>EUR</cmdty:id>
  </act:commodity>
  <act:commodity-scu>100</act:commodity-scu>
  <act:parent type="guid">00622dda21937b29e494179de5013f82</act:parent>
</gnc:account>
<gnc:account version="2.0.0">
  <act:name>Income</act:name>
  <act:id type="guid">6bbc8f20544452cac1637fb9a9b851bb</act:id>
  <act:type>INCOME</act:type>
  <act:commodity>
    <cmdty:space>CURRENCY</cmdty:space>
    <cmdty:id>EUR</cmdty:id>
  </act:commodity>
  <act:commodity-scu>100</act:commodity-scu>
  <act:parent type="guid">00622dda21937b29e494179de5013f82</act:parent>
</gnc:account>
<gnc:account version="2.0.0">
  <act:name>Expense</act:name>
  <act:id type="guid">af88d386d44b14acf244362b85ccaf4c</act:id>
  <act:type>EXPENSE</act:type>
  <act:commodity>
    <cmdty:space>CURRENCY</cmdty:space>
    <cmdty:id>EUR</cmdty:id>
  </act:commodity>
  <act:commodity-scu>100</act:commodity-scu>
  <act:parent type="guid">00622dda21937b29e494179de5013f82</act:parent>
</gnc:account>
<gnc:account version="2.0.0">
  <act:name>Equity</act:name>
  <act:id type="guid">8056f425ecdc352cf6039e3a0d0d1e6c</act:id>
  <act:type>EQUITY</act:type>
  <act:commodity>
    <cmdty:space>CURRENCY</cmdty:space>
    <cmdty:id>EUR</cmdty:id>
  </act:commodity>
  <act:commodity-scu>100</act:commodity-scu>
  <act:parent type="guid">00622dda21937b29e494179de5013f82</act:parent>
</gnc:account>
<gnc:account version="2.0.0">
  <act:name>Opening Balances - EUR</act:name>
  <act:id type="guid">1305127e63737f8c39afb49b5bbeca7a</act:id>
  <act:type>EQUITY</act:type>
  <act:commodity>
    <cmdty:space>CURRENCY</cmdty:space>
    <cmdty:id>EUR</cmdty:id>
  </act:commodity>
  <act:commodity-scu>100</act:commodity-scu>
  <act:parent type="guid">8056f425ecdc352cf6039e3a0d0d1e6c</act:parent>
</gnc:account>
<gnc:account version="2.0.0">
  <act:name>Mouvements</act:name>
  <act:id type="guid">bb43218d7d95b1fe062a731d1aa7e9e2</act:id>
  <act:type>TRADING</act:type>
  <act:commodity>
    <cmdty:space>NASDAQ</cmdty:space>
    <cmdty:id>FOO</cmdty:id>
  </act:commodity>
  <act:commodity-scu>10000</act:commodity-scu>
  <act:slots>
    <slot>
      <slot:key>placeholder</slot:key>
      <slot:value type="string">true</slot:value>
    </slot>
  </act:slots>
  <act:parent type="guid">00622dda21937b29e494179de5013f82</act:parent>
</gnc:account>
<gnc:account version="2.0.0">
  <act:name>NASDAQ</act:name>
  <act:id type="guid">f2b78b76f6093ba04204d972a7ce42d6</act:id>
  <act:type>TRADING</act:type>
  <act:commodity>
    <cmdty:space>NASDAQ</cmdty:space>
    <cmdty:id>FOO</cmdty:id>
  </act:commodity>
  <act:commodity-scu>10000</act:commodity-scu>
  <act:slots>
    <slot>
      <slot:key>placeholder</slot:key>
      <slot:value type="string">true</slot:value>
    </slot>
  </act:slots>
  <act:parent type="guid">bb43218d7d95b1fe062a731d1aa7e9e2</act:parent>
</gnc:account>
<gnc:account version="2.0.0">
  <act:name>FOO</act:name>
  <act:id type="guid">0ccab772d0d16a3e1eaf42cd53f891e5</act:id>
  <act:type>TRADING</act:type>
  <act:commodity>
    <cmdty:space>NASDAQ</cmdty:space>
    <cmdty:id>FOO</cmdty:id>
  </act:commodity>
  <act:commodity-scu>10000</act:commodity-scu>
  <act:parent type="guid">f2b78b76f6093ba04204d972a7ce42d6</act:parent>
</gnc:account>
<gnc:account version="2.0.0">
  <act:name>CURRENCY</act:name>
  <act:id type="guid">e97809296efb670cff4f92138bd69ec8</act:id>
  <act:type>TRADING</act:type>
  <act:commodity>
    <cmdty:space>CURRENCY</cmdty:space>
    <cmdty:id>EUR</cmdty:id>
  </act:commodity>
  <act:commodity-scu>100</act:commodity-scu>
  <act:slots>
    <slot>
      <slot:key>placeholder</slot:key>
      <slot:value type="string">true</slot:value>
    </slot>
  </act:slots>
  <act:parent type="guid">bb43218d7d95b1fe062a731d1aa7e9e2</act:parent>
</gnc:account>
<gnc:account version="2.0.0">
  <act:name>EUR5</act:name>
  <act:id type="guid">7894e9c3e955f5eaa9689d16ed775660</act:id>
  <act:type>TRADING</act:type>
  <act:commodity>
    <cmdty:space>CURRENCY</cmdty:space>
    <cmdty:id>EUR</cmdty:id>
  </act:commodity>
  <act:commodity-scu>100</act:commodity-scu>
  <act:parent type="guid">e97809296efb670cff4f92138bd69ec8</act:parent>
</gnc:account>
<gnc:transaction version="2.0.0">
  <trn:id type="guid">6c8876003c4a6026e38e3afb67d6f2b1</trn:id>
  <trn:currency>
    <cmdty:space>CURRENCY</cmdty:space>
    <cmdty:id>EUR</cmdty:id>
  </trn:currency>
  <trn:date-posted>
    <ts:date>2014-12-24 10:59:00 +0000</ts:date>
  </trn:date-posted>
  <trn:date-entered>
    <ts:date>2014-12-25 10:08:15 +0000</ts:date>
  </trn:date-entered>
  <trn:description>income 1</trn:description>
  <trn:splits>
    <trn:split>
      <split:id type="guid">de832fe97e37811a7fff7e28b3a43425</split:id>
      <split:reconciled-state>n</split:reconciled-state>
      <split:value>15000/100</split:value>
      <split:quantity>15000/100</split:quantity>
      <split:account type="guid">93fc043c3062aaa1297b30e543d2cd0d</split:account>
    </trn:split>
    <trn:split>
      <split:id type="guid">1e612f650eb598d9e803902b6aca73e3</split:id>
      <split:reconciled-state>n</split:reconciled-state>
      <split:value>-15000/100</split:value>
      <split:quantity>-15000/100</split:quantity>
      <split:account type="guid">6bbc8f20544452cac1637fb9a9b851bb</split:account>
    </trn:split>
  </trn:splits>
</gnc:transaction>
<gnc:transaction version="2.0.0">
  <trn:id type="guid">0fac88d8412f46d5e16beb87aee0fd22</trn:id>
  <trn:currency>
    <cmdty:space>CURRENCY</cmdty:space>
    <cmdty:id>EUR</cmdty:id>
  </trn:currency>
  <trn:date-posted>
    <ts:date>2018-02-20 10:59:00 +0000</ts:date>
  </trn:date-posted>
  <trn:date-entered>
    <ts:date>2018-02-20 21:12:49 +0000</ts:date>
  </trn:date-entered>
  <trn:description>Transfer current</trn:description>
  <trn:slots>
    <slot>
      <slot:key>date-posted</slot:key>
      <slot:value type="gdate">
        <gdate>2018-02-20</gdate>
      </slot:value>
    </slot>
  </trn:slots>
  <trn:splits>
    <trn:split>
      <split:id type="guid">42336a5732d54b22fa080be3b50ff5b7</split:id>
      <split:reconciled-state>n</split:reconciled-state>
      <split:value>10000/100</split:value>
      <split:quantity>10000/100</split:quantity>
      <split:account type="guid">93fc043c3062aaa1297b30e543d2cd0d</split:account>
    </trn:split>
    <trn:split>
      <split:id type="guid">486341b68457b037ecd75dcdcbf64bc5</split:id>
      <split:reconciled-state>n</split:reconciled-state>
      <split:value>-10000/100</split:value>
      <split:quantity>-10000/100</split:quantity>
      <split:account type="guid">adc619f0ac7fa27d5768bfd73ecbc01e</split:account>
    </trn:split>
  </trn:splits>
</gnc:transaction>
<gnc:transaction version="2.0.0">
  <trn:id type="guid">a5b50b770ee5e01361c49300aedb5e0f</trn:id>
  <trn:currency>
    <cmdty:space>CURRENCY</cmdty:space>
    <cmdty:id>EUR</cmdty:id>
  </trn:currency>
  <trn:date-posted>
    <ts:date>2018-02-20 10:59:00 +0000</ts:date>
  </trn:date-posted>
  <trn:date-entered>
    <ts:date>2018-02-20 21:13:01 +0000</ts:date>
  </trn:date-entered>
  <trn:description>Purchase</trn:description>
  <trn:splits>
    <trn:split>
      <split:id type="guid">eb832677cb2a013fcc4140316ccb3323</split:id>
      <split:reconciled-state>n</split:reconciled-state>
      <split:value>3000/100</split:value>
      <split:quantity>3000/100</split:quantity>
      <split:account type="guid">af88d386d44b14acf244362b85ccaf4c</split:account>
    </trn:split>
    <trn:split>
      <split:id type="guid">f32095185808aff854fc020ee2eedb5d</split:id>
      <split:reconciled-state>n</split:reconciled-state>
      <split:value>-3000/100</split:value>
      <split:quantity>-3000/100</split:quantity>
      <split:account type="guid">93fc043c3062aaa1297b30e543d2cd0d</split:account>
    </trn:split>
  </trn:splits>
</gnc:transaction>
<gnc:transaction version="2.0.0">
  <trn:id type="guid">e774d4b1fbd3c8c853b2c45a1d74f5f9</trn:id>
  <trn:currency>
    <cmdty:space>CURRENCY</cmdty:space>
    <cmdty:id>EUR</cmdty:id>
  </trn:currency>
  <trn:date-posted>
    <ts:date>2018-02-20 10:59:00 +0000</ts:date>
  </trn:date-posted>
  <trn:date-entered>
    <ts:date>2018-02-20 21:13:30 +0000</ts:date>
  </trn:date-entered>
  <trn:description>transfer intra</trn:description>
  <trn:splits>
    <trn:split>
      <split:id type="guid">ea72c01205e1f619aa278930648b060e</split:id>
      <split:reconciled-state>n</split:reconciled-state>
      <split:value>25000/100</split:value>
      <split:quantity>25000/100</split:quantity>
      <split:account type="guid">adc619f0ac7fa27d5768bfd73ecbc01e</split:account>
    </trn:split>
    <trn:split>
      <split:id type="guid">bae8bc3a2b29812691016e61c425fda5</split:id>
      <split:reconciled-state>n</split:reconciled-state>
      <split:value>-25000/100</split:value>
      <split:quantity>-25000/100</split:quantity>
      <split:account type="guid">a1dd9e8118bff87db289482bceebfea9</split:account>
    </trn:split>
  </trn:splits>
</gnc:transaction>
<gnc:transaction version="2.0.0">
  <trn:id type="guid">7b3a2df3645b3e490121814c8ad7146d</trn:id>
  <trn:currency>
    <cmdty:space>CURRENCY</cmdty:space>
    <cmdty:id>EUR</cmdty:id>
  </trn:currency>
  <trn:date-posted>
    <ts:date>2018-02-20 10:59:00 +0000</ts:date>
  </trn:date-posted>
  <trn:date-entered>
    <ts:date>2018-02-20 21:13:50 +0000</ts:date>
  </trn:date-entered>
  <trn:description>Opening Balance</trn:description>
  <trn:splits>
    <trn:split>
      <split:id type="guid">4f78ef3650c38115abf60365f9484b45</split:id>
      <split:reconciled-state>n</split:reconciled-state>
      <split:value>250000/100</split:value>
      <split:quantity>250000/100</split:quantity>
      <split:account type="guid">a1dd9e8118bff87db289482bceebfea9</split:account>
    </trn:split>
    <trn:split>
      <split:id type="guid">afcba9bb98422e5ca64931a5efd86025</split:id>
      <split:reconciled-state>n</split:reconciled-state>
      <split:value>-250000/100</split:value>
      <split:quantity>-250000/100</split:quantity>
      <split:account type="guid">1305127e63737f8c39afb49b5bbeca7a</split:account>
    </trn:split>
  </trn:splits>
</gnc:transaction>
<gnc:transaction version="2.0.0">
  <trn:id type="guid">a5924cd14525c307cc5862c97361b031</trn:id>
  <trn:currency>
    <cmdty:space>CURRENCY</cmdty:space>
    <cmdty:id>EUR</cmdty:id>
  </trn:currency>
  <trn:date-posted>
    <ts:date>2018-02-21 10:59:00 +0000</ts:date>
  </trn:date-posted>
  <trn:date-entered>
    <ts:date>2018-02-21 06:58:44 +0000</ts:date>
  </trn:date-entered>
  <trn:description>buy foo</trn:description>
  <trn:splits>
    <trn:split>
      <split:id type="guid">e07539176a70222b16369bd246b174b9</split:id>
      <split:reconciled-state>n</split:reconciled-state>
      <split:value>120000/100</split:value>
      <split:quantity>1300000/10000</split:quantity>
      <split:account type="guid">1c089803052e85f5c6d8e786057dbaee</split:account>
    </trn:split>
    <trn:split>
      <split:id type="guid">e055799a549308621a16c715c870e29a</split:id>
      <split:reconciled-state>n</split:reconciled-state>
      <split:value>120000/100</split:value>
      <split:quantity>120000/100</split:quantity>
      <split:account type="guid">7894e9c3e955f5eaa9689d16ed775660</split:account>
    </trn:split>
    <trn:split>
      <split:id type="guid">f5f1b767b38439eff788bed8fca8d1c2</split:id>
      <split:reconciled-state>n</split:reconciled-state>
      <split:value>-120000/100</split:value>
      <split:quantity>-120000/100</split:quantity>
      <split:account type="guid">a1dd9e8118bff87db289482bceebfea9</split:account>
    </trn:split>
    <trn:split>
      <split:id type="guid">85d451d09db85fb97cea6fe2e876d566</split:id>
      <split:reconciled-state>n</split:reconciled-state>
      <split:value>-120000/100</split:value>
      <split:quantity>-1300000/10000</split:quantity>
      <split:account type="guid">0ccab772d0d16a3e1eaf42cd53f891e5</split:account>
    </trn:split>
  </trn:splits>
</gnc:transaction>
<gnc:transaction version="2.0.0">
  <trn:id type="guid">2d249b7d3fc8efe17865873b97748f50</trn:id>
  <trn:currency>
    <cmdty:space>CURRENCY</cmdty:space>
    <cmdty:id>EUR</cmdty:id>
  </trn:currency>
  <trn:date-posted>
    <ts:date>2018-02-21 10:59:00 +0000</ts:date>
  </trn:date-posted>
  <trn:date-entered>
    <ts:date>2018-02-21 07:25:53 +0000</ts:date>
  </trn:date-entered>
  <trn:description>Opening Balance</trn:description>
  <trn:splits>
    <trn:split>
      <split:id type="guid">b3c4df045f2a19332e143cd83a7e013f</split:id>
      <split:reconciled-state>n</split:reconciled-state>
      <split:value>250000/100</split:value>
      <split:quantity>250000/100</split:quantity>
      <split:account type="guid">a1dd9e8118bff87db289482bceebfea9</split:account>
    </trn:split>
    <trn:split>
      <split:id type="guid">d240433d6812fc634c21200fb559d07f</split:id>
      <split:reconciled-state>n</split:reconciled-state>
      <split:value>-250000/100</split:value>
      <split:quantity>-250000/100</split:quantity>
      <split:account type="guid">1305127e63737f8c39afb49b5bbeca7a</split:account>
    </trn:split>
  </trn:splits>
</gnc:transaction>
<gnc:transaction version="2.0.0">
  <trn:id type="guid">5be11c009a88b4198aa65ee878ddf99d</trn:id>
  <trn:currency>
    <cmdty:space>CURRENCY</cmdty:space>
    <cmdty:id>EUR</cmdty:id>
  </trn:currency>
  <trn:date-posted>
    <ts:date>2014-12-24 10:59:00 +0000</ts:date>
  </trn:date-posted>
  <trn:date-entered>
    <ts:date>2014-12-25 10:07:30 +0000</ts:date>
  </trn:date-entered>
  <trn:description>initial load</trn:description>
  <trn:splits>
    <trn:split>
      <split:id type="guid">714c69b235d450f11e4add7077b4cde7</split:id>
      <split:reconciled-state>n</split:reconciled-state>
      <split:value>100000/100</split:value>
      <split:quantity>100000/100</split:quantity>
      <split:account type="guid">adc619f0ac7fa27d5768bfd73ecbc01e</split:account>
    </trn:split>
    <trn:split>
      <split:id type="guid">3a53ab1f73cb74d9882dd14b7d6a4a78</split:id>
      <split:reconciled-state>n</split:reconciled-state>
      <split:value>-100000/100</split:value>
      <split:quantity>-100000/100</split:quantity>
      <split:account type="guid">96ed7a45459fb5fe570e48fcd46f05d0</split:account>
    </trn:split>
  </trn:splits>
</gnc:transaction>
<gnc:transaction version="2.0.0">
  <trn:id type="guid">6294086c678a584e7ce184b523699f6c</trn:id>
  <trn:currency>
    <cmdty:space>CURRENCY</cmdty:space>
    <cmdty:id>EUR</cmdty:id>
  </trn:currency>
  <trn:date-posted>
    <ts:date>2014-12-24 10:59:00 +0000</ts:date>
  </trn:date-posted>
  <trn:date-entered>
    <ts:date>2014-12-25 10:08:08 +0000</ts:date>
  </trn:date-entered>
  <trn:description>expense 1</trn:description>
  <trn:splits>
    <trn:split>
      <split:id type="guid">b8387081c3d60310465a5d316fb6745a</split:id>
      <split:reconciled-state>n</split:reconciled-state>
      <split:value>20000/100</split:value>
      <split:quantity>20000/100</split:quantity>
      <split:account type="guid">af88d386d44b14acf244362b85ccaf4c</split:account>
    </trn:split>
    <trn:split>
      <split:id type="guid">d96c36fed7324332bfeff80e52cd9892</split:id>
      <split:reconciled-state>n</split:reconciled-state>
      <split:value>-20000/100</split:value>
      <split:quantity>-20000/100</split:quantity>
      <split:account type="guid">adc619f0ac7fa27d5768bfd73ecbc01e</split:account>
    </trn:split>
  </trn:splits>
</gnc:transaction>
<gnc:transaction version="2.0.0">
  <trn:id type="guid">325537f4f0fadfd9ffb6aad3cd18e360</trn:id>
  <trn:currency>
    <cmdty:space>CURRENCY</cmdty:space>
    <cmdty:id>EUR</cmdty:id>
  </trn:currency>
  <trn:date-posted>
    <ts:date>2014-12-24 10:59:00 +0000</ts:date>
  </trn:date-posted>
  <trn:date-entered>
    <ts:date>2014-12-25 10:11:26 +0000</ts:date>
  </trn:date-entered>
  <trn:description>loan payment</trn:description>
  <trn:splits>
    <trn:split>
      <split:id type="guid">6ca852f33ee5415d22dfc132f5c5ec09</split:id>
      <split:memo>capital</split:memo>
      <split:reconciled-state>n</split:reconciled-state>
      <split:value>10000/100</split:value>
      <split:quantity>10000/100</split:quantity>
      <split:account type="guid">96ed7a45459fb5fe570e48fcd46f05d0</split:account>
    </trn:split>
    <trn:split>
      <split:id type="guid">3142f6ebed4469f9a692dfa69a0080f5</split:id>
      <split:memo>interest</split:memo>
      <split:reconciled-state>n</split:reconciled-state>
      <split:value>3000/100</split:value>
      <split:quantity>3000/100</split:quantity>
      <split:account type="guid">af88d386d44b14acf244362b85ccaf4c</split:account>
    </trn:split>
    <trn:split>
      <split:id type="guid">47c7fdca3bc04d6ad734eefc2794ddfe</split:id>
      <split:memo>monthly payment</split:memo>
      <split:reconciled-state>n</split:reconciled-state>
      <split:value>-13000/100</split:value>
      <split:quantity>-13000/100</split:quantity>
      <split:account type="guid">adc619f0ac7fa27d5768bfd73ecbc01e</split:account>
    </trn:split>
  </trn:splits>
</gnc:transaction>
<gnc:transaction version="2.0.0">
  <trn:id type="guid">59d9b60221a4615e74f8e489dceff58b</trn:id>
  <trn:currency>
    <cmdty:space>CURRENCY</cmdty:space>
    <cmdty:id>EUR</cmdty:id>
  </trn:currency>
  <trn:date-posted>
    <ts:date>2018-02-20 10:59:00 +0000</ts:date>
  </trn:date-posted>
  <trn:date-entered>
    <ts:date>2018-02-20 21:14:36 +0000</ts:date>
  </trn:date-entered>
  <trn:description>house load</trn:description>
  <trn:splits>
    <trn:split>
      <split:id type="guid">76cd1180d563db608495c710d2774c9a</split:id>
      <split:reconciled-state>n</split:reconciled-state>
      <split:value>2000000/100</split:value>
      <split:quantity>2000000/100</split:quantity>
      <split:account type="guid">a3dc764fea53b709af7fcead6470da43</split:account>
    </trn:split>
    <trn:split>
      <split:id type="guid">c8eb859a307babbb2fdf66871cf4c0a8</split:id>
      <split:reconciled-state>n</split:reconciled-state>
      <split:value>-2000000/100</split:value>
      <split:quantity>-2000000/100</split:quantity>
      <split:account type="guid">96ed7a45459fb5fe570e48fcd46f05d0</split:account>
    </trn:split>
  </trn:splits>
</gnc:transaction>
</gnc:book>
</gnc-v2>

